@misc{nasa2014srtm1sdem,
  author={{NASA LP DAAC}},
  title={SRTM 1 Arc-Second Global},
  year={2000},
  address={NASA EOSDIS Land Processes DAAC, USGS Earth Resources Observation and Science (EROS) Center, Sioux Falls, South Dakota},
  howpublished={\url{https://earthexplorer.usgs.gov/}},
  note={published September 2014, accessed May 2016}
}
@article{bishop1995drainage,
  title={Drainage rearrangement by river capture, beheading and diversion},
  author={Bishop, Paul},
  journal={Progress in physical geography},
  volume={19},
  number={4},
  pages={449--473},
  year={1995},
  publisher={Sage Publications Sage CA: Thousand Oaks, CA}
}

@article{sun2007fast,
  title={Fast and effective feature-preserving mesh denoising},
  author={Sun, Xianfang and Rosin, Paul and Martin, Ralph and Langbein, Frank},
  journal={IEEE Transactions on Visualization \& Computer Graphics},
  number={5},
  pages={925--938},
  year={2007},
  publisher={IEEE}
}

@article{banda2016plant,
  title={Plant diversity patterns in neotropical dry forests and their conservation implications},
  author={Banda, Karina and Delgado-Salinas, Alfonso and Dexter, Kyle G and Linares-Palomino, Reynaldo and Oliveira-Filho, Ary and Prado, Dari{\'e}n and Pullan, Martin and Quintana, Catalina and Riina, Ricarda and Rodr{\'\i}guez, Gina M and others},
  journal={Science},
  volume={353},
  number={6306},
  pages={1383--1387},
  year={2016},
  publisher={American Association for the Advancement of Science}
}

@article{cupul2009diversidad,
  title={Diversidad y abundancia de hormigas (Formicidae) en las viviendas de Puerto Vallarta, Jalisco, M{\'e}xico},
  author={Cupul-Maga{\~n}a, Fabio Germ{\'a}n},
  journal={Ecolog{\'\i}a Aplicada},
  volume={8},
  number={1-2},
  pages={115--117},
  year={2009},
  publisher={Universidad Nacional Agraria La Molina}
}

@book{klotz2008urban,
  title={Urban ants of North America and Europe: identification, biology, and management},
  author={Klotz, John H and Hansen, Laurel D and Pospischil, Reiner and Rust, Michael},
  year={2008},
  publisher={Cornell University Press}
}
  
  @book{robinson1996urban,
  title={Urban entomology: insect and mite pests in the human environment.},
  author={Robinson, William H and others},
  year={1996},
  publisher={Chapman \& Hall}
}

@book{robinson2005urban,
  title={Urban insects and arachnids: a handbook of urban entomology},
  author={Robinson, William H},
  year={2005},
  publisher={Cambridge University Press}
}

  @misc{AntWiki,
  title = {Ants of hispaniola},
  howpublished = {\url{http://www.antwiki.org/wiki/Ants_of_Hispaniola}},
  note = {Accessed: 2019-09-29}
}

@article{chacon2008aspectos,
  title={Aspectos de la ecolog{\'\i}a de hormigas cazadoras en bosques secos colombianos},
  author={Chac{\'o}n de Ulloa, P and Armbrecht, I and Lozano-Zambrano, F and Jim{\'e}nez, E and Fern{\'a}ndez, F and Arias, TM},
  journal={Sistem{\'a}tica, biogeograf{\'\i}a y conservaci{\'o}n de las hormigas cazadoras de Colombia},
  year={2008},
  publisher={Instituto de Investigaciones de Recursos Biol{\'o}gicos Alexander von~…}
}

@article{petal1978role,
  title={role of ants in ecosystems},
  author={Petal, J},
  journal={International Biological Programme},
  year={1978}
}

@article{armbrecht2003little,
  title={The little fire ant Wasmannia auropunctata (Roger)(Hymenoptera: Formicidae) as a diversity indicator of ants in tropical dry forest fragments of Colombia},
  author={Armbrecht, Inge and Ulloa-Chac{\'o}n, Patricia},
  journal={Environmental entomology},
  volume={32},
  number={3},
  pages={542--547},
  year={2003},
  publisher={Oxford University Press Oxford, UK}
}

@article{zenner1990biological,
  title={Biological aspects of the “hormiga loca”, Paratrechina (Nylanderia) fulva (Mayr)},
  author={Zenner-Polania, I},
  journal={Colombia. In: Vander Meer RK, Jaffe K, Cedeno A (ed) Applied Myrmecology: A World Perspective. Westview Press, Boulder},
  pages={290--297},
  year={1990}
}

@article{bernstein1979partitioning,
  title={Partitioning of space in communities of ants},
  author={Bernstein, Ruth A and Gobbel, Marilyn},
  journal={The Journal of Animal Ecology},
  pages={931--942},
  year={1979},
  publisher={JSTOR}
}